<?xml version="1.0" encoding="UTF-8"?><collection xmlns="http://www.loc.gov/MARC21/slim"><record><leader>00594nam--2200193-u-4500</leader><controlfield tag="001">000052310</controlfield><controlfield tag="002">20161230</controlfield><controlfield tag="005">20161230201050</controlfield><controlfield tag="008">100616s1000------------r-----000-0-rus-d</controlfield><datafield ind1=" " ind2=" " tag="040"><subfield code="a">IFIN-HH</subfield></datafield><datafield ind1=" " ind2=" " tag="041"><subfield code="a">rus</subfield></datafield><datafield ind1=" " ind2=" " tag="080"><subfield code="a">519.23</subfield></datafield><datafield ind1="1" ind2=" " tag="100"><subfield code="a">Karlin, Samuel</subfield></datafield><datafield ind1="1" ind2="0" tag="245"><subfield code="a">Tchebycheff sistemi i ikh primenenie v analize i statiistike</subfield><subfield code="c">Samuel Karlin ; William J. Studden</subfield></datafield><datafield ind1=" " ind2=" " tag="260"><subfield code="a">Moskva</subfield><subfield code="b">Nauka</subfield><subfield code="c">1976</subfield></datafield><datafield ind1=" " ind2=" " tag="300"><subfield code="a">568 p</subfield></datafield><datafield ind1=" " ind2=" " tag="500"><subfield code="a">Tit. orig. in lb. engleza: Tchebycheff Systems: With Applications in Analysis and Statistics</subfield></datafield><datafield ind1=" " ind2=" " tag="852"><subfield code="a">75386</subfield><subfield code="c">519.2</subfield></datafield><datafield ind1=" " ind2=" " tag="CAT"><subfield code="a">Sys</subfield><subfield code="c">20100616</subfield><subfield code="h">143346</subfield></datafield></record></collection>